
@online{django,
  author = {Django Web Application Framework}, 
  title = {https://www.djangoproject.com/}, 
}

@online{rest,
  author = {Django Rest Framework}, 
  title = {https://www.django-rest-framework.org/}, 
}

@online{angular,
  author = {Angular}, 
  title = {https://angular.io/}, 
}

@online{react,
  author = {React JS}, 
  title = {https://reactjs.org/}, 
}

@article{moscow,
    author={Wikipedia},
    title={MoSCoW method},
    url={https://en.wikipedia.org/wiki/MoSCoW_method#cite_ref-3},
}

@article{manifesto,
    author={Beck et al.},
    title={Principles behind the agile manifesto},
    url={https://agilemanifesto.org/principles.html},
}

@article{wireframe,
    author={Fred Wilsons},
    title={Why Do We Use Wireframes in Agile Project Management},
    url={https://www.ntaskmanager.com/blog/form-and-function-why-do-we-use-wireframes-in-agile-project-management/}
}

@article{ep,
    author={Don Wells},
    title={Extreme Programming: A gentle introduction},
    url={http://www.extremeprogramming.org/},
}

@article{change,
    author={Kelly Hunsberger. (2011)},
    title={Change is good.},
    url={https://www.pmi.org/learning/library/scope-creep-agile-methodology-scrum-4336},
    publisher={PM Network, 25(2), 48â€“53.},
}
